@online{msdoc-vs-install,
    author="Microsoft",
    title="Install Visual Studio",
    date="2019",
    month="12",
    day="13",
    url="https://docs.microsoft.com/en-us/visualstudio/install/install-visual-studio?view=vs-2019"
    }

@online{msdoc-mvvm,
    author="{Josh Smith (Microsoft)}",
    title="Patterns - WPF Apps With The Model-View-ViewModel Design Pattern",
    date="2016",
    month="12",
    day="8",
    url="https://docs.microsoft.com/en-us/archive/msdn-magazine/2009/february/patterns-wpf-apps-with-the-model-view-viewmodel-design-pattern"
    }

@online{ietf-rtsp,
    author="{H. Schulzrinne (Columbia University)} and {A. Rao (Netscape Communications)} and {R. Lanphier (RealNetworks)}",
    organization="Internet Engineering Task Force",
    title="RFC 2326 - Real Time Streaming Protocol (RTSP)",
    date="1998",
    month="4",
    url="https://tools.ietf.org/html/rfc2326"
    }

@online{ietf-rtsp-2,
    author="{H. Schulzrinne (Columbia University)} and {A. Rao (Cisco Networks)} and {R Lanphier} and {M. Westerlund (Ericsson)} and {M. Stiemerling, Ed. (University of Applied Sciences Darmstadt)}",
    organization="Internet Engineering Task Force",
    title="RFC 7826 - Real-Time Streaming Protocol Version 2.0",
    date="2016",
    month="12",
    url="https://tools.ietf.org/html/rfc7826"
    }

@online{wiki-cli,
    author="Jarkko Piiroinen",
    organization="Wikimedia Commons",
    title="Overview of the Common Language Infrastructure",
    date="2008",
    month="2",
    day="23",
    url="https://commons.wikimedia.org/wiki/File:Overview_of_the_Common_Language_Infrastructure.svg"
    }

@online{libvlc,
    author="VideoLAN",
    url="https://wiki.videolan.org/LibVLC",
    title="libVLC - VideoLAN Wiki",
    date="2020",
    month="03",
    day="01"
    }

@online{libvlc-sharp-doc,
    author="{Martin Finkel (VideoLAN)}",
    url="https://wiki.videolan.org/LibVLC",
    title="LibVLCSharp README.md",
    date="2020",
    month="03",
    day="06"
    }

@online{libvlc-release,
    author="Jean-Baptiste Kempf",
    url="http://www.jbkempf.com/blog/post/2016/15-years-of-VLC",
    title="15 years of VLC and VideoLAN",
    date="2016",
    month="02",
    day="01"
    }

@online{gstreamer,
    author="GStreamer",
    url="https://gstreamer.freedesktop.org/documentation/",
    title="GStreamer: a flexible, fast and multiplatform multimedia framework",
    date="2020",
    month="03",
    day="01"
    }

@online{adobe-phonegap,
    author="Adobe Systems Incorporated",
    url="https://web.archive.org/web/20120413181632/http://www.adobe.com/aboutadobe/pressroom/pressreleases/201110/AdobeAcquiresNitobi.html",
    title="Adobe Announces Agreement to Acquire Nitobi, Creator of PhoneGap",
    date="2011",
    month="10",
    day="03"
    }

@online{ms-mvvm-flow,
    author="{Srigopal Chitrapu} and {Ed Price}",
    url="https://social.technet.microsoft.com/wiki/contents/articles/13347.mvvm-model-view-viewmodel-part-1.aspx",
    title="MVVM Model View ViewModel Part - 1",
    date="2014",
    month="1",
    day="16"
    }

@online{vastreaming,
    author="VAStreaming",
    url="https://www.vastreaming.net/",
    title="highly optimized and efficient media streaming, encoding, decoding and processing libraries for developers",
    date="2020",
    month="03",
    day="08"
    }

@online{live555-trends,
    author="Google",
    url="https://trends.google.com/trends/explore?date=all&q=%2Fm%2F0641r5r",
    title="Google Trends - LIVE555",
    date="2020",
    month="03",
    day="08"
    }    